<record xmlns='http://www.loc.gov/MARC21/slim'><leader>02132ntc a2200385Ii 4500</leader><controlfield tag='001'>991058301965806011</controlfield><controlfield tag='005'>20220506121925.0</controlfield><controlfield tag='008'>220506k15731612enka          000 0 eng d</controlfield><datafield ind1=' ' ind2=' ' tag='035'><subfield code='a'>(OCoLC)1314385761h</subfield></datafield><datafield ind1=' ' ind2=' ' tag='035'><subfield code='a'>(OCoLC)on1314385761h</subfield></datafield><datafield ind1=' ' ind2=' ' tag='040'><subfield code='a'>HRH</subfield><subfield code='b'>eng</subfield><subfield code='e'>dcrmmss</subfield><subfield code='c'>HRH</subfield></datafield><datafield ind1=' ' ind2=' ' tag='041'><subfield code='a'>fre</subfield></datafield><datafield ind1=' ' ind2=' ' tag='049'><subfield code='a'>HRHH</subfield></datafield><datafield ind1=' ' ind2='9' tag='099'><subfield code='a'>MS 3327, Container 57</subfield></datafield><datafield ind1='2' ind2=' ' tag='110'><subfield code='a'>James I, King of England, 1566-1625,</subfield><subfield code='e'>attributed name.</subfield></datafield><datafield ind1='1' ind2='0' tag='245'><subfield code='a'>Three letters, 1573-1612 :</subfield><subfield code='k'>manuscript.</subfield></datafield><datafield ind1=' ' ind2='0' tag='264'><subfield code='a'>England (Greenwich; Richmond) ;</subfield><subfield code='c'>1573; 1606 June 10; 1612 July 16</subfield></datafield><datafield ind1=' ' ind2=' ' tag='300'><subfield code='a'>6 leaves :</subfield><subfield code='b'>paper, illustrations,</subfield><subfield code='c'>32 x 29 cm</subfield></datafield><datafield ind1=' ' ind2=' ' tag='336'><subfield code='a'>text</subfield><subfield code='b'>txt</subfield><subfield code='2'>rdacontent</subfield></datafield><datafield ind1=' ' ind2=' ' tag='337'><subfield code='a'>unmediated</subfield><subfield code='b'>n</subfield><subfield code='2'>rdamedia</subfield></datafield><datafield ind1=' ' ind2=' ' tag='338'><subfield code='a'>volume</subfield><subfield code='b'>nc</subfield><subfield code='2'>rdacarrier</subfield></datafield><datafield ind1=' ' ind2=' ' tag='500'><subfield code='a'>Title devised by cataloger.</subfield></datafield><datafield ind1=' ' ind2=' ' tag='506'><subfield code='a'>Unrestricted in reading room; available for classroom use in exhibit case only.</subfield></datafield><datafield ind1=' ' ind2=' ' tag='500'><subfield code='a'>Accompanied by 22 prints and engravings, 2 photographs of prints, and 2 leaves of text, all related to Elizabeth I, James I, or Prince Henry.</subfield></datafield><datafield ind1='0' ind2=' ' tag='505'><subfield code='a'>HRC 57.1 Elizabeth I, Queen of England (1533-1603). Letter, 1573, England to Henry III, King of France (1551-1589). 2 leaves: paper, 318 x 215 mm. HRC 57.2 James I, King of England (1566-1625). Letter, 1606 June 10, Greenwich to Henry IV, King of France (1553-1610). 2 leaves: paper, 288 x 198 mm. HRC 57.3 Henry Frederick, Prince of Wales (1594-1612). Letter 1612 July 16, Richmond to Louis XIII, King of France (1601-1643). 2 leaves: paper, 292 x 195mm.; with seal.</subfield></datafield><datafield ind1=' ' ind2=' ' tag='590'><subfield code='a'>MS 3327, Container 57: William H. and Miriam Lutcher Stark Library; see De Ricci, Texas no. 12. Unbound letters. Previous binding by Riviere &amp; Sons retained as HRC 57a.</subfield></datafield><datafield ind1=' ' ind2='0' tag='650'><subfield code='a'>Kings and rulers.</subfield></datafield><datafield ind1=' ' ind2='7' tag='655'><subfield code='a'>Correspondence.</subfield><subfield code='2'>rbgenr</subfield></datafield><datafield ind1=' ' ind2='7' tag='655'><subfield code='a'>Seals.</subfield><subfield code='2'>rbgenr</subfield></datafield><datafield ind1='1' ind2=' ' tag='790'><subfield code='a'>Stark, Miriam Lutcher, 1859-1936,</subfield><subfield code='e'>former owner.</subfield></datafield><datafield ind1='1' ind2=' ' tag='790'><subfield code='a'>Stark, William Henry, 1851-1936,</subfield><subfield code='e'>former owner.</subfield></datafield><datafield ind1='2' ind2=' ' tag='710'><subfield code='a'>Henry Frederick, Prince of Wales, 1594-1612,</subfield><subfield code='e'>attributed name.</subfield></datafield><datafield ind1='2' ind2=' ' tag='791'><subfield code='a'>Medieval and Early Modern Manuscripts Collection.</subfield></datafield><datafield ind1=' ' ind2=' ' tag='752'><subfield code='a'>England,</subfield><subfield code='e'>producation place.</subfield></datafield><datafield ind1=' ' ind2=' ' tag='994'><subfield code='a'>C0</subfield><subfield code='b'>HRH</subfield></datafield></record>
